<?xml version="1.0" encoding="UTF-8"?><record xmlns="http://www.loc.gov/MARC21/slim" xmlns:cinclude="http://apache.org/cocoon/include/1.0" xmlns:zs="http://www.loc.gov/zing/srw/">
  <leader>00798nz  a2200133n  4500</leader>
  <controlfield tag="001">n 2004140644</controlfield>
  <controlfield tag="003">DLC</controlfield>
  <controlfield tag="005">20040913154341.0</controlfield>
  <controlfield tag="008">040913n| acannaabn          |n ana      </controlfield>
  <datafield tag="010" ind1=" " ind2=" ">
    <subfield code="a">n 2004140644</subfield>
  </datafield>
  <datafield tag="040" ind1=" " ind2=" ">
    <subfield code="a">DLC</subfield>
    <subfield code="b">eng</subfield>
    <subfield code="c">DLC</subfield>
  </datafield>
  <datafield tag="130" ind1=" " ind2="0">
    <subfield code="a">Tránsito de la cultura burocrática al modelo de la gerencia pública</subfield>
  </datafield>
  <datafield tag="670" ind1=" " ind2=" ">
    <subfield code="a">Cardoso, Regina Luna Santos. Transição da cultura burocrática ao modelo gerencial, 1999</subfield>
  </datafield>
  <datafield tag="670" ind1=" " ind2=" ">
    <subfield code="a">OCLC, Sept. 13, 2004: Tránsito de la cultura burocrática al modelo de la gerencia pública</subfield>
    <subfield code="b">(collective work which includes as one of the selections Cardoso, Regina Luna Santos' Instrumentos para a implantação do modelo gerencial na administração pública, later published separately under the title Transição da cultura burocrática ao modelo gerencial)</subfield>
  </datafield>
</record>